<record><leader>00000cas a22000007a 4500</leader><controlfield tag="001">13478107</controlfield><controlfield tag="008">860422d18961948pauwr ne      0    0eng d</controlfield><datafield ind1=" " ind2=" " tag="010"><subfield code="a">sn 86081613 </subfield></datafield><datafield ind1=" " ind2=" " tag="040"><subfield code="a">NPH</subfield><subfield code="b">eng</subfield><subfield code="c">NPH</subfield><subfield code="d">OCLCQ</subfield></datafield><datafield ind1=" " ind2=" " tag="042"><subfield code="a">msc</subfield></datafield><datafield ind1="0" ind2=" " tag="130"><subfield code="a">Glen Rock item (Glen Rock, Pa. : 1896)</subfield></datafield><datafield ind1="1" ind2="4" tag="245"><subfield code="a">The Glen Rock item.</subfield></datafield><datafield ind1=" " ind2=" " tag="260"><subfield code="a">Glen Rock, Pa. :</subfield><subfield code="b">F.W. Hartwell,</subfield><subfield code="c">1896-</subfield></datafield><datafield ind1=" " ind2=" " tag="300"><subfield code="a">v.</subfield></datafield><datafield ind1=" " ind2=" " tag="310"><subfield code="a">Weekly</subfield></datafield><datafield ind1="0" ind2=" " tag="362"><subfield code="a">Vol. 28, no. 32 (Jan. 10, 1896)-</subfield></datafield><datafield ind1="1" ind2=" " tag="362"><subfield code="a">Ceased 1948?</subfield><subfield code="z">Cf. Salisbury, R., Pa. newspapers, 1969.</subfield></datafield><datafield ind1=" " ind2=" " tag="500"><subfield code="a">"A family journal ... devoted to local and general news, literature, religion, agriculture, science, markets, advertising, etc."</subfield></datafield><datafield ind1=" " ind2=" " tag="525"><subfield code="a">Supplements accompany some issues.</subfield></datafield><datafield ind1="0" ind2="0" tag="780"><subfield code="t">Item (Glen Rock, Pa.)</subfield><subfield code="w">(OCoLC)13478026</subfield></datafield></record>